@misc{milneFT,
  author={Milne, James S.},
  title={Fields and Galois Theory (v5.10)},
  year={2022},
  note={Available at www.jmilne.org/math/ },
  pages={144},
  shorthand={Milne}
}

@book{FANF1999,
  title = {Fourier Analysis on Number Fields},
  author = {Ramakrishnan, Dinakar and Valenza, Robert J.},
  year = {1999},
  series = {Graduate Texts in Mathematics},
  number = {186},
  publisher = {Springer},
  address = {New York},
  isbn = {978-0-387-98436-0},
  lccn = {QA403.5 .R327 1999},
  keywords = {Fourier analysis,Number theory,Topological groups},
  file = {/home/navidrashidian/Documents/Ramakrishnan_Valenza_1999_Fourier_analysis_on_number_fields.djvu},
  shorthand={RV}
}

@book{Conway1985,
  title = {A Course in Functional Analysis},
  author = {Conway, John B.},
  year = {1985},
  series = {Graduate Texts in Mathematics},
  number = {96},
  publisher = {Springer},
  address = {New York Heidelberg},
  isbn = {978-3-540-96042-3 978-0-387-96042-5},
  langid = {english},
  file = {/home/navidrashidian/Zotero/storage/C633V9DT/Conway - 1985 - A course in functional analysis.pdf}
}