@misc{milneFT,
  author={Milne, James S.},
  title={Fields and Galois Theory (v5.10)},
  year={2022},
  note={Available at www.jmilne.org/math/ },
  pages={144},
  shorthand={Milne}
}

@book{FANF1999,
  title = {Fourier Analysis on Number Fields},
  author = {Ramakrishnan, Dinakar and Valenza, Robert J.},
  year = {1999},
  series = {Graduate Texts in Mathematics},
  number = {186},
  publisher = {Springer},
  address = {New York},
  isbn = {978-0-387-98436-0},
  lccn = {QA403.5 .R327 1999},
  keywords = {Fourier analysis,Number theory,Topological groups},
  file = {/home/navidrashidian/Documents/Ramakrishnan_Valenza_1999_Fourier_analysis_on_number_fields.djvu},
  shorthand={RV}
}

BibTeX information
