@book{conwayCourseFunctionalAnalysis1985,
  title = {A Course in Functional Analysis},
  author = {Conway, John B.},
  year = {1985},
  series = {Graduate Texts in Mathematics},
  number = {96},
  publisher = {Springer},
  address = {New York Heidelberg},
  isbn = {978-3-540-96042-3 978-0-387-96042-5},
  langid = {english},
  file = {/home/navidrashidian/Zotero/storage/C633V9DT/Conway - 1985 - A course in functional analysis.pdf}
}
